@inproceedings{msqueue,
 author = {Michael, Maged M. and Scott, Michael L.},
 title = {Simple, Fast, and Practical Non-blocking and Blocking Concurrent Queue Algorithms},
 booktitle = {Proceedings of the Fifteenth Annual ACM Symposium on Principles of Distributed Computing},
 series = {PODC '96},
 year = {1996},
 isbn = {0-89791-800-2},
 location = {Philadelphia, Pennsylvania, USA},
 pages = {267--275},
 numpages = {9},
 doi = {10.1145/248052.248106},
 acmid = {248106},
 publisher = {ACM},
 address = {New York, NY, USA},
 keywords = {compare_and_swap, concurrent queue, lock-free, multiprogramming, non-blocking},
} 
@inproceedings{flat_combining,
 author = {Hendler, Danny and Incze, Itai and Shavit, Nir and Tzafrir, Moran},
 title = {Flat Combining and the Synchronization-parallelism Tradeoff},
 booktitle = {Proceedings of the Twenty-second Annual ACM Symposium on Parallelism in Algorithms and Architectures},
 series = {SPAA '10},
 year = {2010},
 isbn = {978-1-4503-0079-7},
 location = {Thira, Santorini, Greece},
 pages = {355--364},
 numpages = {10},
 doi = {10.1145/1810479.1810540},
 acmid = {1810540},
 publisher = {ACM},
 address = {New York, NY, USA},
 keywords = {concurrent data-structures, multiprocessors, synchronization},
} 
